%%%%%%%%%%% main.bib %%%%%%%%%%%%%%%%%%%

@book{balanis2016antenna,
  title={Antenna theory: analysis and design},
  author={Balanis, Constantine A},
  year={2016},
  publisher={John wiley \& sons},
}
  
@article{khan2015microstrip,
  title={Microstrip patch antenna miniaturisation techniques: a review},
  author={Khan, Muhammad Umar and Sharawi, Mohammad Said and Mittra, Raj},
  journal={IET Microwaves, Antennas \& Propagation},
  volume={9},
  number={9},
  pages={913--922},
  year={2015},
  publisher={Wiley Online Library},
}

@article{lee2002miniature,
  title={Miniature microstrip antenna with a partially filled high-permittivity substrate},
  author={Lee, Byungje and Harackiewicz, Frances J},
  journal={IEEE Transactions on Antennas and Propagation},
  volume={50},
  number={8},
  pages={1160--1162},
  year={2002},
  publisher={IEEE},
}

@article{hoorfar2001experimental,
  title={An experimental study of microstrip antennas on very high permittivity ceramic substrates and very small ground planes},
  author={Hoorfar, Ahmad and Perrotta, Alessandro},
  journal={IEEE Transactions on Antennas and Propagation},
  volume={49},
  number={5},
  pages={838--840},
  year={2001},
  publisher={IEEE}
}

@article{schaubert1986experimental,
  title={Experimental study of a microstrip array on high permittivity substrate},
  author={Schaubert, D and Yngvesson, K},
  journal={IEEE Transactions on Antennas and Propagation},
  volume={34},
  number={1},
  pages={92--97},
  year={1986},
  publisher={IEEE}
}

@article{kula2006patch,
  title={Patch-antenna miniaturization using recently available ceramic substrates},
  author={Kula, JS and Psychoudakis, D and Liao, W-J and Chen, C-C and Volakis, JL and Halloran, JW},
  journal={IEEE Antennas and Propagation Magazine},
  volume={48},
  number={6},
  pages={13--20},
  year={2006},
  publisher={IEEE}
}

@article{colburn1999patch,
  title={Patch antennas on externally perforated high dielectric constant substrates},
  author={Colburn, Joseph S and Rahmat-Samii, Yahya},
  journal={IEEE Transactions on Antennas and Propagation},
  volume={47},
  number={12},
  pages={1785--1794},
  year={1999},
  publisher={IEEE}
}